<record><leader>00000cas a2200000 a 4500</leader><controlfield tag="001">34295563</controlfield><controlfield tag="008">960301d19011922fluwr ne      0    0eng c</controlfield><datafield ind1=" " ind2=" " tag="010"><subfield code="a">sn 96027183 </subfield></datafield><datafield ind1=" " ind2=" " tag="040"><subfield code="a">FUG</subfield><subfield code="b">eng</subfield><subfield code="c">FUG</subfield><subfield code="d">OCLCQ</subfield><subfield code="d">OCLCF</subfield><subfield code="d">OCLCO</subfield></datafield><datafield ind1=" " ind2=" " tag="012"><subfield code="i">9603</subfield></datafield><datafield ind1="1" ind2=" " tag="029"><subfield code="a">AU@</subfield><subfield code="b">000025919501</subfield></datafield><datafield ind1=" " ind2=" " tag="042"><subfield code="a">pcc</subfield></datafield><datafield ind1=" " ind2=" " tag="043"><subfield code="a">n-us-fl</subfield></datafield><datafield ind1="0" ind2=" " tag="130"><subfield code="a">Manatee River journal (Bradenton, Fla. : 1901)</subfield></datafield><datafield ind1="1" ind2="0" tag="245"><subfield code="a">Manatee River journal.</subfield></datafield><datafield ind1=" " ind2=" " tag="260"><subfield code="a">Braidentown, Fla. :</subfield><subfield code="b">[Jos. H. Humphries],</subfield><subfield code="c">1901-1922.</subfield></datafield><datafield ind1=" " ind2=" " tag="300"><subfield code="a">v.</subfield></datafield><datafield ind1=" " ind2=" " tag="310"><subfield code="a">Weekly</subfield></datafield><datafield ind1="0" ind2=" " tag="362"><subfield code="a">Vol. 13, no. 28 (Mar. 7, 1901)- ; -35th year, no. 1 (Aug. 31, 1922).</subfield></datafield><datafield ind1=" " ind2=" " tag="500"><subfield code="a">Publisher's name recorded in Mar. 14, 1901 issue.</subfield></datafield><datafield ind1=" " ind2="0" tag="651"><subfield code="a">Bradenton (Fla.)</subfield><subfield code="v">Newspapers.</subfield></datafield><datafield ind1=" " ind2="0" tag="651"><subfield code="a">Manatee County (Fla.)</subfield><subfield code="v">Newspapers.</subfield></datafield><datafield ind1=" " ind2="7" tag="655"><subfield code="a">Newspapers.</subfield><subfield code="2">fast</subfield><subfield code="0">(OCoLC)fst01423814</subfield></datafield><datafield ind1=" " ind2="7" tag="651"><subfield code="a">Florida</subfield><subfield code="z">Bradenton.</subfield><subfield code="2">fast</subfield><subfield code="0">(OCoLC)fst01213369</subfield></datafield><datafield ind1=" " ind2="7" tag="651"><subfield code="a">Florida</subfield><subfield code="z">Manatee County.</subfield><subfield code="2">fast</subfield><subfield code="0">(OCoLC)fst01211771</subfield></datafield><datafield ind1=" " ind2=" " tag="752"><subfield code="a">United States</subfield><subfield code="b">Florida</subfield><subfield code="c">Manatee</subfield><subfield code="d">Bradenton.</subfield></datafield><datafield ind1="0" ind2="0" tag="780"><subfield code="t">Manatee River journal-news</subfield><subfield code="w">(DLC)sn 96027182</subfield><subfield code="w">(OCoLC)34295562</subfield></datafield><datafield ind1="0" ind2="7" tag="785"><subfield code="t">Bradentown herald</subfield></datafield><datafield ind1="0" ind2="7" tag="785"><subfield code="t">Manatee River journal and Bradentown herald</subfield><subfield code="w">(DLC)sn 96027184</subfield><subfield code="w">(OCoLC)34295565</subfield></datafield><datafield ind1=" " ind2=" " tag="850"><subfield code="a">FU</subfield></datafield></record>